<record><leader>00000cas a22000007a 4500</leader><controlfield tag="001">19582266</controlfield><controlfield tag="008">890421d19421948njuwr ne      0    0eng d</controlfield><datafield ind1=" " ind2=" " tag="010"><subfield code="a">sn 88071161 </subfield></datafield><datafield ind1=" " ind2=" " tag="040"><subfield code="a">NJW</subfield><subfield code="b">eng</subfield><subfield code="c">NJW</subfield><subfield code="d">OCLCQ</subfield></datafield><datafield ind1=" " ind2=" " tag="042"><subfield code="a">msc</subfield></datafield><datafield ind1="0" ind2="4" tag="245"><subfield code="a">The Maplewood news and Maplewood record.</subfield></datafield><datafield ind1=" " ind2=" " tag="260"><subfield code="a">Maplewood, N.J. :</subfield><subfield code="b">Edwin Carter and Fred L. Palmer,</subfield><subfield code="c">1942-1948.</subfield></datafield><datafield ind1=" " ind2=" " tag="310"><subfield code="a">Weekly</subfield></datafield><datafield ind1="0" ind2=" " tag="362"><subfield code="a">Vol. 55, no. 22 (June 4, 1942)-v. 62, no. 51 (Dec. 30, 1948).</subfield></datafield><datafield ind1=" " ind2=" " tag="752"><subfield code="a">United States</subfield><subfield code="b">New Jersey</subfield><subfield code="c">Essex</subfield><subfield code="d">Maplewood.</subfield></datafield><datafield ind1="0" ind2="4" tag="780"><subfield code="t">Maplewood record</subfield><subfield code="w">(DLC)sn 88071384</subfield></datafield><datafield ind1="0" ind2="4" tag="780"><subfield code="t">Maplewood news</subfield><subfield code="w">(DLC)sn 88071160</subfield></datafield><datafield ind1="0" ind2="7" tag="785"><subfield code="t">South Orange record and South Orange home news</subfield><subfield code="w">(DLC)sn 85035676</subfield><subfield code="w">(OCoLC)13084886</subfield></datafield><datafield ind1="0" ind2="7" tag="785"><subfield code="t">Maplewood-South Orange news-record</subfield><subfield code="w">(DLC)sn 88071162</subfield><subfield code="w">(OCoLC)19581365</subfield></datafield></record>